@book{nugroho2023PushPullSumDataAg,
  title     = {Adding Pull to Push Sum
               for Approximate Data Aggregation},
  author    = {Saptadi Nugroho and Alexander Weinmann and Christian Schindelhauer},
  journal   = {Stabilization, Safety,
               and Security
               of Distributed Systems},
  year      = {2023},
  publisher = {Springer},
  pages     = {75-89}
}

@inproceedings{kempe2003gossipbasedComp,
  author    = {Kempe, D. and Dobra, A. and Gehrke, J.},
  booktitle = {44th Annual IEEE Symposium on Foundations of Computer Science, 2003. Proceedings.},
  title     = {Gossip-based computation of aggregate information},
  year      = {2003},
  volume    = {},
  number    = {},
  pages     = {482-491},
  keywords  = {Aggregates;Peer to peer computing;Protocols;Large-scale systems;Temperature sensors;Distributed computing;Computer science;Scalability;Fault tolerant systems;Stress},
  doi       = {10.1109/SFCS.2003.1238221}
}

@Article{Dinitz2023DAB,
author={Dinitz, Yefim
and Dolev, Shlomi
and Kumar, Manish},
title={Local Deal-Agreement Algorithms for Load Balancing in Dynamic General Graphs},
journal={Theory of Computing Systems},
year={2023},
month={Apr},
day={01},
volume={67},
number={2},
pages={348-382},
issn={1433-0490},
doi={10.1007/s00224-022-10097-6},
url={https://doi.org/10.1007/s00224-022-10097-6}
}

@misc{GraphTheorySchindelhaauer2021,
  author    = {Christian Schindelhauer},
  title     = {Lecture notes in Graph Theory},
  year      = {2021},
  publisher = {University of Freiburg, Faculty of Engineering, Computer Science Department, Chair of Computer Networks and Telematics}
}

@phdthesis{Mahlmann2010,
  author    = {Mahlmann, Peter},
  title     = {Peer-to-peer networks based on random graphs},
  series    = {Institut f{\"u}r Informatik},
  year      = {2010},
  publisher = {Ver{\"o}ffentlichungen der Universit{\"a}t},
  pages     = {X, 110 S. : Ill., graph. Darst.},
  note      = {Paderborn, Univ., Diss., 2010},
  url       = {https://nbn-resolving.org/urn:nbn:de:hbz:466-20100421015},
  language  = {eng},
  school    = {University of Paderborn}
}

@article{MulyonoLolli,
author = {Mulyono, Mulyono and wulandari,},
year = {2016},
month = {01},
pages = {},
title = {THE METRIC DIMENSION OF FRIENDSHIP GRAPH F n , LOLLIPOP GRAPH L},
volume = {08}
}

@unpublished{Bayazitoglu,
  author    = {Bayazitoglu, Emre},
  title     = {Comparative Analysis of Load Balancing Algorithms in General Graphs},
  year      = {2024},
  publisher = {Unpublished Manuscript, Student Project},
  note      = {University of Freiburg},
  language  = {eng},
  school    = {University of Freiburg}
}